<?xml version="1.0" encoding="UTF-8"?>
<collection xmlns="http://www.loc.gov/MARC21/slim">
   <record>
      <leader>01759cam a2200469Ia 4500</leader>
      <controlfield tag="001">7302336</controlfield>
      <controlfield tag="003">OCoLC</controlfield>
      <controlfield tag="005">20151219094406.0</controlfield>
      <controlfield tag="008">030305s2001    abca         s000 0 eng  </controlfield>
      <datafield tag="016" ind1=" " ind2=" ">
         <subfield code="a">20038011093</subfield>
      </datafield>
      <datafield tag="020" ind1=" " ind2=" ">
         <subfield code="a">0774118830</subfield>
      </datafield>
      <datafield tag="020" ind1=" " ind2=" ">
         <subfield code="a">9780774118835</subfield>
      </datafield>
      <datafield tag="020" ind1=" " ind2=" ">
         <subfield code="a">0774118822</subfield>
      </datafield>
      <datafield tag="020" ind1=" " ind2=" ">
         <subfield code="a">9780774118828</subfield>
      </datafield>
      <datafield tag="020" ind1=" " ind2=" ">
         <subfield code="a">0774118849</subfield>
      </datafield>
      <datafield tag="020" ind1=" " ind2=" ">
         <subfield code="a">9780774118842</subfield>
      </datafield>
      <datafield tag="035" ind1=" " ind2=" ">
         <subfield code="a">ocm51924045</subfield>
      </datafield>
      <datafield tag="040" ind1=" " ind2=" ">
         <subfield code="a">NLC</subfield>
         <subfield code="b">eng</subfield>
         <subfield code="c">NLC</subfield>
         <subfield code="d">OCLCQ</subfield>
         <subfield code="d">OCLCO</subfield>
         <subfield code="d">LTSCA</subfield>
         <subfield code="d">AEU</subfield>
      </datafield>
      <datafield tag="050" ind1=" " ind2="4">
         <subfield code="a">HD9985.C22</subfield>
         <subfield code="b">S47 2001</subfield>
      </datafield>
      <datafield tag="055" ind1="0" ind2="4">
         <subfield code="a">COP.AL.2.2003-33</subfield>
      </datafield>
      <datafield tag="082" ind1="0" ind2="4">
         <subfield code="a">658/.02</subfield>
         <subfield code="2">21</subfield>
      </datafield>
      <datafield tag="090" ind1=" " ind2=" ">
         <subfield code="a">HD 9985 C22 S47 2001</subfield>
         <subfield code="b">AEU</subfield>
      </datafield>
      <datafield tag="240" ind1="0" ind2="0">
         <subfield code="a">Service business 1 :/ FIN 1020.</subfield>
      </datafield>
      <datafield tag="245" ind1="0" ind2="0">
         <subfield code="a">Service business 1 : FIN 1020 2001</subfield>
         <subfield code="b">FIN 1020.</subfield>
      </datafield>
      <datafield tag="246" ind1="1" ind2="4">
         <subfield code="a">Career &amp; Technology Studies, service business 1, FIN 1020</subfield>
      </datafield>
      <datafield tag="260" ind1=" " ind2=" ">
         <subfield code="a">[Edmonton] :</subfield>
         <subfield code="b">Alberta Learning,</subfield>
         <subfield code="c">©2001.</subfield>
      </datafield>
      <datafield tag="300" ind1=" " ind2=" ">
         <subfield code="a">190 pages :</subfield>
         <subfield code="b">illustrations ;</subfield>
         <subfield code="c">28 cm +</subfield>
         <subfield code="e">2 booklets</subfield>
      </datafield>
      <datafield tag="336" ind1=" " ind2=" ">
         <subfield code="a">text</subfield>
         <subfield code="b">txt</subfield>
         <subfield code="2">rdacontent</subfield>
      </datafield>
      <datafield tag="337" ind1=" " ind2=" ">
         <subfield code="a">unmediated</subfield>
         <subfield code="b">n</subfield>
         <subfield code="2">rdamedia</subfield>
      </datafield>
      <datafield tag="338" ind1=" " ind2=" ">
         <subfield code="a">volume</subfield>
         <subfield code="b">nc</subfield>
         <subfield code="2">rdacarrier</subfield>
      </datafield>
      <datafield tag="550" ind1=" " ind2=" ">
         <subfield code="a">Issued by: Learning Technologies Branch.</subfield>
      </datafield>
      <datafield tag="590" ind1=" " ind2=" ">
         <subfield code="a">Approved for use in Alberta schools.</subfield>
         <subfield code="5">CaAEU</subfield>
      </datafield>
      <datafield tag="596" ind1=" " ind2=" ">
         <subfield code="a">38</subfield>
      </datafield>
      <datafield tag="650" ind1=" " ind2="0">
         <subfield code="a">Service industries</subfield>
         <subfield code="z">Canada</subfield>
         <subfield code="x">Finance</subfield>
         <subfield code="v">Programmed instruction.</subfield>
      </datafield>
      <datafield tag="650" ind1=" " ind2="0">
         <subfield code="a">Service industries</subfield>
         <subfield code="z">Canada</subfield>
         <subfield code="x">Management</subfield>
         <subfield code="v">Programmed instruction.</subfield>
      </datafield>
      <datafield tag="710" ind1="1" ind2=" ">
         <subfield code="a">Alberta.</subfield>
         <subfield code="b">Alberta Learning.</subfield>
      </datafield>
      <datafield tag="710" ind1="1" ind2=" ">
         <subfield code="a">Alberta.</subfield>
         <subfield code="b">Learning Technologies Branch.</subfield>
      </datafield>
      <datafield tag="949" ind1=" " ind2=" ">
         <subfield code="a">HD 9985 C22 S47 2001</subfield>
         <subfield code="h">UABA-B</subfield>
         <subfield code="i">0162036819074</subfield>
         <subfield code="z">OCLC_COPY</subfield>
      </datafield>
      <datafield tag="949" ind1=" " ind2=" ">
         <subfield code="a">HD 9985 C22 S47 2001</subfield>
         <subfield code="v">bklt.B</subfield>
         <subfield code="h">UABA-B</subfield>
         <subfield code="i">0162036818951</subfield>
         <subfield code="z">OCLC_COPY</subfield>
      </datafield>
      <datafield tag="949" ind1=" " ind2=" ">
         <subfield code="a">HD 9985 C22 S47 2001</subfield>
         <subfield code="v">bklt.A</subfield>
         <subfield code="h">UABA-B</subfield>
         <subfield code="i">0162036819017</subfield>
         <subfield code="z">OCLC_COPY</subfield>
      </datafield>
      <datafield tag="926" ind1=" " ind2=" ">
         <subfield code="a">UABARD</subfield>
         <subfield code="b">ON_SHELF</subfield>
         <subfield code="c">HD 9985 C22 S47 2001</subfield>
         <subfield code="d">BOOK</subfield>
         <subfield code="f">1</subfield>
      </datafield>
      <datafield tag="926" ind1=" " ind2=" ">
         <subfield code="a">UABARD</subfield>
         <subfield code="b">ON_SHELF</subfield>
         <subfield code="c">HD 9985 C22 S47 2001 bklt.A</subfield>
         <subfield code="d">BOOK</subfield>
         <subfield code="f">1</subfield>
      </datafield>
      <datafield tag="926" ind1=" " ind2=" ">
         <subfield code="a">UABARD</subfield>
         <subfield code="b">ON_SHELF</subfield>
         <subfield code="c">HD 9985 C22 S47 2001 bklt.B</subfield>
         <subfield code="d">BOOK</subfield>
         <subfield code="f">1</subfield>
      </datafield>
   </record>
</collection>
